01,Test FSN ,Test Receiver,180919,1310,1,99,99,2/
02,Test Receiver,820800001,1,180923,1310,USD/
03,25800611,USD,010,4000000,,,015,4000000,,,045,13600000,,,/
16,142,10000,S,0,10000,0,TestPayref1,0815,Test Text Item 1/
88,4711/
16,495,10000,Z,TestPayref2,0816,Test Text Item 2/
49,1500320062,99/
98,1500320062,1,99/
99,1500320062,1,99/
